<record><leader>00000cas a22000007a 4500</leader><controlfield tag="001">17465462</controlfield><controlfield tag="008">880212d193219uupauwr ne      0    0eng d</controlfield><datafield ind1=" " ind2=" " tag="010"><subfield code="a">sn 88079083 </subfield></datafield><datafield ind1=" " ind2=" " tag="040"><subfield code="a">NPH</subfield><subfield code="b">eng</subfield><subfield code="c">NPH</subfield><subfield code="d">OCLCQ</subfield><subfield code="d">UPM</subfield><subfield code="d">OCLCF</subfield></datafield><datafield ind1=" " ind2=" " tag="042"><subfield code="a">msc</subfield></datafield><datafield ind1="0" ind2="0" tag="245"><subfield code="a">Fountain Hill news-telegram.</subfield></datafield><datafield ind1="1" ind2="3" tag="246"><subfield code="a">Fountain Hill news-telegram and the Emmaus times</subfield></datafield><datafield ind1=" " ind2=" " tag="260"><subfield code="a">Bethlehem, Pa. :</subfield><subfield code="b">[s.n.],</subfield><subfield code="c">1932-</subfield></datafield><datafield ind1=" " ind2=" " tag="300"><subfield code="a">v. :</subfield><subfield code="b">ill. ;</subfield><subfield code="c">46 cm.</subfield></datafield><datafield ind1=" " ind2=" " tag="310"><subfield code="a">Weekly</subfield></datafield><datafield ind1="0" ind2=" " tag="362"><subfield code="a">Vol. 1, no. 1 (Aug. 18, 1932)-</subfield></datafield><datafield ind1=" " ind2=" " tag="588"><subfield code="a">Latest issue consulted: Oct. 29, 1943.</subfield></datafield><datafield ind1=" " ind2="0" tag="651"><subfield code="a">Fountain Hill (Pa.)</subfield><subfield code="v">Newspapers.</subfield></datafield><datafield ind1=" " ind2="7" tag="655"><subfield code="a">Newspapers.</subfield><subfield code="2">fast</subfield><subfield code="0">(OCoLC)fst01423814</subfield></datafield><datafield ind1=" " ind2="7" tag="651"><subfield code="a">Pennsylvania</subfield><subfield code="z">Fountain Hill.</subfield><subfield code="2">fast</subfield><subfield code="0">(OCoLC)fst01276859</subfield></datafield><datafield ind1=" " ind2=" " tag="752"><subfield code="a">United States</subfield><subfield code="b">Pennsylvania</subfield><subfield code="c">Lehigh</subfield><subfield code="d">Fountain Hill.</subfield></datafield><datafield ind1=" " ind2=" " tag="752"><subfield code="a">United States</subfield><subfield code="b">Pennsylvania</subfield><subfield code="c">Northampton</subfield><subfield code="d">Bethlehem.</subfield></datafield><datafield ind1="0" ind2="4" tag="785"><subfield code="t">Bethlehem bulletin</subfield><subfield code="w">(DLC)sn 88079082</subfield></datafield></record>